
@book{de_souza_neto_computational_2008,
	title = {Computational {Methods} for {Plasticity}: {Theory} and {Applications}},
	isbn = {978-0-470-69452-7},
	url = {https://books.google.pt/books?id=cBrQmlQW8YAC},
	publisher = {Wiley},
	author = {de Souza Neto, E.A. and Peric, D. and Owen, D.R.J.},
	year = {2008},
	lccn = {2008033260},
}
